@Online{wikipedia_master_theorem,
  type = {article},
  key = {Wikipedia - Master theorem},
  title = {{Master theorem}\eatdot},
  publisher = {Wikipedia},
  note = {\url{https://en.wikipedia.org/wiki/Master_theorem}\eatdot}
}