@Online{wikipedia_graph_connectivity,
  type = {article},
  key = {Wikipedia - Dijkstra's algorithm},
  title = {{Dijkstra's algorithm}\eatdot},
  publisher = {Wikipedia},
  note =
    {\url{https://en.wikipedia.org/wiki/Dijkstra's_algorithm}\eatdot}
}