@Online{wikipedia_shortest_path_problem,
  type = {article},
  key = {Wikipedia - Shortest path problem},
  title = {{Shortest path problem}\eatdot},
  publisher = {Wikipedia},
  note = {\url{https://en.wikipedia.org/wiki/Shortest_path_problem}\eatdot}
}