@Online{wikipedia_binary_search_tree,
  type = {article},
  key = {Wikipedia - Binary search tree},
  title = {{Binary search tree}\eatdot},
  publisher = {Wikipedia},
  note = {\url{https://en.wikipedia.org/wiki/Binary_search_tree}\eatdot}
}