@Online{wikipedia_linked_list,
  type = {article},
  key = {Wikipedia - Linked list},
  title = {{Linked list}\eatdot},
  publisher = {Wikipedia},
  note = {\url{https://en.wikipedia.org/wiki/Linked_list}\eatdot}
}