@Online{python_hash_table,
  type = {article},
  key = {Python - Dictionaries},
  title = {{Python - Dictionaries (Hash table)}\eatdot},
  publisher = {Python Software Foundation},
  note = 
  {\url{https://docs.python.org/3/tutorial/datastructures.html#dictionaries}\eatdot}
}
@Online{java_hash_map,
  type = {article},
  key = {Java - HashMap},
  title = {{Java - HashMap}\eatdot},
  publisher = {Oracle},
  note = 
  {\url{https://docs.oracle.com/javase/7/docs/api/java/util/HashMap.html}\eatdot}
}
@Online{java_tree_map,
  type = {article},
  key = {Java - TreeMap},
  title = {{Java - TreeMap}\eatdot},
  publisher = {Oracle},
  note = 
  {\url{https://docs.oracle.com/javase/7/docs/api/java/util/TreeMap.html}\eatdot}
}