@Online{cpp_hash_map,
  type = {article},
  key = {Cpp - hash_map},
  title = {{C++ - hash\_map}\eatdot},
  publisher = {Hewlett-Packard Company},
  note = {\url{http://www.sgi.com/tech/stl/hash_map.html}\eatdot}
}
@Online{cpp_tree_map,
  type = {article},
  key = {Cpp - map},
  title = {{C++ - map}\eatdot},
  publisher = {Hewlett-Packard Company},
  note = {\url{http://www.sgi.com/tech/stl/Map.html}\eatdot}
}