@Online{wikipedia_master_theorem,
  type = {article},
  key = {Wikipedia - Master-Theorem},
  title = {{Master-Theorem}\eatdot},
  publisher = {Wikipedia},
  note = {\url{https://de.wikipedia.org/wiki/Master-Theorem}\eatdot}
}