@Online{wikipedia_mathematical_induction,
  type = {article},
  key = {Wikipedia - Mathematical induction},
  title = {Mathematical induction\eatdot},
  publisher = {Wikipedia},
  note = {\url{https://en.wikipedia.org/wiki/Mathematical_induction}\eatdot}
}