@Online{wikipedia_heapsort,
  type = {article},
  key = {Wikipedia - Heapsort},
  title = {{Wikipedia - Heapsort}\eatdot},
  publisher = {Wikipedia},
  note = {\url{https://en.wikipedia.org/wiki/Heapsort}\eatdot}
}
@Online{wikipedia_selectionsort,
  type = {article},
  key = {Wikipedia - Selectionsort},
  title = {{Wikipedia - Selectionsort}\eatdot},
  publisher = {Wikipedia},
  note = {\url{https://de.wikipedia.org/wiki/Selectionsort}\eatdot}
}