@Online{python_priority_queue,
  type = {article},
  key = {Python - PriorityQueue},
  title = {{Python - PriorityQueue}\eatdot},
  publisher = {Python Software Foundation},
  note = 
  {\url{https://docs.python.org/3/library/queue.html#queue.PriorityQueue}\eatdot}
}
@Online{java_priority_queue,
  type = {article},
  key = {Java - PriorityQueue},
  title = {{Java - PriorityQueue}\eatdot},
  publisher = {Oracle},
  note = 
  {\url{https://docs.oracle.com/javase/7/docs/api/java/util/PriorityQueue.html}\eatdot}
}
@Online{cpp_priority_queue,
  type = {article},
  key = {Cpp - priority_queue},
  title = {{C++ - priority\_queue}\eatdot},
  publisher = {Hewlett-Packard Company},
  note = 
  {\url{http://www.sgi.com/tech/stl/priority_queue.html}\eatdot}
}