@Online{svn_scm,
  type = {article},
  key = {Apache Subversion},
  title = {{Apache Subversion}\eatdot},
  publisher = {{svn}},
  note = {\url{https://subversion.apache.org/}\eatdot}
}