@Online{wikipedia_dynamic_programming,
  type = {article},
  key = {Wikipedia - Dynamic programming},
  title = {{Dynamic programming}\eatdot},
  publisher = {Wikipedia},
  note =
    {\url{https://en.wikipedia.org/wiki/Dynamic_programming}\eatdot}
}