@Online{wikipedia_shortest_path_problem,
  type = {article},
  key = {Wikipedia - Levenshtein distance},
  title = {{Levenshtein distance}\eatdot},
  publisher = {Wikipedia},
  note = {\url{https://en.wikipedia.org/wiki/Levenshtein_distance}\eatdot}
}