@Online{wikipedia_graph_connectivity,
  type = {article},
  key = {Wikipedia - Connectivity (graph theory)},
  title = {{Connectivity (graph theory)}\eatdot},
  publisher = {Wikipedia},
  note =
    {\url{https://en.wikipedia.org/wiki/Connectivity_(graph_theory)}\eatdot}
}