@Online{wikipedia_avl_tree,
  type = {article},
  key = {Wikipedia - AVL tree},
  title = {{AVL tree}\eatdot},
  publisher = {Wikipedia},
  note = {\url{https://en.wikipedia.org/wiki/AVL_tree}\eatdot}
}