@Online{hash_table_python,
  type = {article},
  key = {Python - Dictionaries},
  title = {{Python - Dictionaries (Hash table)}\eatdot},
  publisher = {Python Software Foundation},
  note = {\url{https://en.wikipedia.org/wiki/Hash_table}\eatdot}
}
@Online{hash_table_java,
  type = {article},
  key = {Java - HashMap},
  title = {{Java - HashMap}\eatdot},
  publisher = {Oracle},
  note = 
  {\url{https://docs.oracle.com/javase/7/docs/api/java/util/HashMap.html}\eatdot}
}
@Online{hash_table_cpp,
  type = {article},
  key = {Cpp - hash_map},
  title = {{C++ - hash\_map}\eatdot},
  publisher = {Hewlett-Packard Company},
  note = {\url{http://www.sgi.com/tech/stl/hash_map.html}\eatdot}
}