@Online{wikipedia_a_b_tree,
  type = {article},
  key = {Wikipedia - (a,b)-tree},
  title = {{(a,b)-tree}\eatdot},
  publisher = {Wikipedia},
  note = {\url{https://en.wikipedia.org/wiki/(a,b)-tree}\eatdot}
}
@Online{wikipedia_2_4_tree,
  type = {article},
  key = {Wikipedia - 2-3-4 tree},
  title = {{2-3-4 tree}\eatdot},
  publisher = {Wikipedia},
  note = {\url{https://en.wikipedia.org/wiki/2%E2%80%933%E2%80%934_tree}\eatdot}
}