@Online{gnarley_trees,
  type = {article},
  key = {Gnarley Trees},
  title = {{Gnarley Trees}\eatdot},
  publisher = {Jakub (kuko) Kováč},
  note = {\url{https://people.ksp.sk/~kuko/gnarley-trees/}\eatdot}
}