@Online{wikipedia_red_black_tree,
  type = {article},
  key = {Wikipedia - Red-black tree},
  title = {{Red-black tree}\eatdot},
  publisher = {Wikipedia},
  note = {\url{https://en.wikipedia.org/wiki/Red%E2%80%93black_tree}\eatdot}
}