@Online{wikipedia_cache,
  type = {article},
  key = {Wikipedia - Cache},
  title = {{Cache}\eatdot},
  publisher = {Wikipedia},
  note = {\url{https://en.wikipedia.org/wiki/Cache}\eatdot}
}