@Online{kmeh2007,
  type = {book},
  author = {Kurt Mehlhorn AND Peter Sanders},
  title = {Algorithms and Data Structures},
  subtitle = {The Basic Toolbox},
  publisher = {Springer},
  year = {2008},
  address = {Berlin},
  isbn = {978-3-540-77978-0},
  note = {\url{https://people.mpi-inf.mpg.de/~mehlhorn/ftp/Mehlhorn-Sanders-Toolbox.pdf}}
}
@Book{cormen2001introduction,
  author = {Cormen, Thomas H. AND Rivest, Ronald L. AND Leiserson, Charles E.},
  title = {Introduction to Algorithms},
  publisher = {MIT Press},
  year = {2001},
  address = {Cambridge, Mass},
  isbn = {978-0262531962}
}