@Online{kmeh2007,
  type = {book},
  author = {Kurt Mehlhorn AND Peter Sanders},
  title = {Algorithms and Data Structures},
  subtitle = {The Basic Toolbox},
  publisher = {Springer},
  year = {2008},
  address = {Berlin},
  isbn = {978-3-540-77978-0},
  note = 
  {\url{https://people.mpi-inf.mpg.de/~mehlhorn/ftp/Mehlhorn-Sanders-Toolbox.pdf}}
}