@Online{git_scm,
  type = {article},
  key = {git --fast-version-control},
  title = {{git --fast-version-control}\eatdot},
  publisher = {{git}},
  note = {\url{https://git-scm.com/}\eatdot}
}