@Online{wikipedia_amortized_analysis,
  type = {article},
  key = {Wikipedia - Amortisierte Laufzeitanalyse},
  title = {{Amortisierte Laufzeitanalyse}\eatdot},
  publisher = {Wikipedia},
  note = 
  {\url{https://de.wikipedia.org/wiki/Amortisierte_Laufzeitanalyse}\eatdot}
}