@BOOK{eman2015,
    AUTHOR = {Prof. Dr.-Ing. Y. Manoli},
    YEAR = {2015},
    TITLE = {Skript zur Vorlesung; Elektronik; Firt-H\"uttinger-Professur f\"ur Mikroelektronik; IMTEK - Universit\"at Freiburg},
}