@Online{wikipedia_big_o_notation,
  type = {article},
  key = {Wikipedia - Big O notation},
  title = {{Big O notation}\eatdot},
  publisher = {Wikipedia},
  note = {\url{https://en.wikipedia.org/wiki/Big_O_notation}\eatdot}
}