@Online{wikipedia_depth_first_search,
  type = {article},
  key = {Wikipedia - Depth-first search},
  title = {{Depth-first search}\eatdot},
  publisher = {Wikipedia},
  note = {\url{https://en.wikipedia.org/wiki/Depth-first_search}\eatdot}
}
@Online{wikipedia_breadth_first_search,
  type = {article},
  key = {Wikipedia - Breadth-first search},
  title = {{Breadth-first search}\eatdot},
  publisher = {Wikipedia},
  note = {\url{https://en.wikipedia.org/wiki/Breadth-first_search}\eatdot}
}