@Online{wikipedia_amortized_analysis,
  type = {article},
  key = {Wikipedia - Amortized analysis},
  title = {{Amortized analysis}\eatdot},
  publisher = {Wikipedia},
  note = {\url{https://en.wikipedia.org/wiki/Amortized_analysis}\eatdot}
}