@Online{wikipedia_hash_table,
  type = {article},
  key = {Wikipedia - Hash table},
  title = {{Hash table}\eatdot},
  publisher = {Wikipedia},
  note = {\url{https://en.wikipedia.org/wiki/Hash_table}\eatdot}
}